% This file was created with JabRef 2.10.
% Encoding: Cp1252


@Book{Brooks1975,
  Title                    = {The Mythical Man-Month},
  Author                   = {Frederick Brooks},
  Publisher                = {Addison-Wesley},
  Year                     = {1975},

  Owner                    = {jbuy519},
  Timestamp                = {2014.09.17}
}

@Article{Glass2006,
  Title                    = {The Standish report: does it really describe a software crisis?},
  Author                   = {Glass, Robert L.},
  Journal                  = {Communications of the {ACM}},
  Year                     = {2006},
  Pages                    = {15-16},
  Volume                   = {49.8},

  Owner                    = {jbuy519},
  Timestamp                = {2014.09.17}
}

@Book{Hensgen2003,
  Title                    = {Het handboek van Umbrello UML Modeller},
  Author                   = {Hensgen, Paul},
  Year                     = {2003},

  Owner                    = {jbuy519},
  Timestamp                = {2014.09.21},
  Url                      = {http://docs.kde.org/stable/nl/kdesdk/umbrello/uml-basics.html}
}

@Article{International1995,
  Title                    = {The Chaos Report},
  Author                   = {The Standish Group International},
  Year                     = {1995},

  Owner                    = {jbuy519},
  Timestamp                = {2014.09.17},
  Url                      = {http://www.projectsmart.co.uk/docs/chaos-report.pdf}
}

@Book{Jacobson2012,
  Title                    = {USE-CASE 2.0: Het Ultieme Handboek},
  Author                   = {Jacobson, Ivar and Spence, Ian and Bittner, Kurt},
  Editor                   = {Eric Lopes Cardozo},
  Publisher                = {Jacobson International SA},
  Year                     = {2012},

  Owner                    = {jbuy519},
  Timestamp                = {2014.09.26}
}

@Electronic{Kanaracus2012,
  Title                    = {The scariest software project horror stories of 2012},
  Author                   = {Chris Kanaracus},
  HowPublished             = {Computerworld},
  Month                    = {Dec.},
  Url                      = {http://www.computerworld.com/article/2493658/it-management/the-scariest-software-project-horror-stories-of-2012.html},
  Year                     = {2012},

  Owner                    = {jbuy519},
  Timestamp                = {2014.09.17}
}

@Electronic{Kent,
  Title                    = {Agile Manifesto},
  Author                   = {Kent, Beck and 
Mike, Beedle and
Arie, van Bennekum and
Alistair, Cockburn and
Ward, Cunningham and
Martin, Fowler and James, Grenning
Jim, Highsmith and
Andrew, Hunt and
Ron, Jeffries and
Jon, Kern and
Brian, Marick and Robert, C. Martin and
Steve, Mellor and
Ken, Schwaber and
Jeff, Sutherland and
Dave, Thomas and},
  HowPublished             = {http://agilemanifesto.org/},

  Owner                    = {jbuy519},
  Timestamp                = {2014.09.17}
}

@InCollection{VantEinde2014,
  Title                    = {Rational Unified Process ({RUP})},
  Author                   = {Van 't Einde, Wim},
  Booktitle                = {http://www.wimvanteinde.nl/},
  Year                     = {2014},

  Owner                    = {jbuy519},
  Timestamp                = {2014.09.21},
  Url                      = {http://www.wimvanteinde.nl/index.php?option=com_content&task=view&id=413&Itemid=36}
}

@Electronic{UCDiagram,
  Title                    = {Use case diagram},
  Author                   = {Velthoven, Jan Kees},
  Month                    = {June},
  Url                      = {http://www.use-case.nl/diagram/use-case-diagram},
  Year                     = {2013},

  Owner                    = {jbuy519},
  Timestamp                = {2014.09.26}
}

@Electronic{failedProjects,
  Title                    = {List of failed and overbudget custom software projects},
  Author                   = {Wikipedia},
  HowPublished             = {http://en.wikipedia.org/wiki/List\_of\_failed\_and\_overbudget\_custom\_software\_projects},
  Url                      = {http://en.wikipedia.org/wiki/List_of_failed_and_overbudget_custom_software_projects},

  Owner                    = {jbuy519},
  Timestamp                = {2014.09.17}
}

